<record><leader>00000cas a22000007a 4500</leader><controlfield tag="001">12180220</controlfield><controlfield tag="008">850620c19039999inuwr ne      0    0eng d</controlfield><datafield ind1=" " ind2=" " tag="010"><subfield code="a">sn 85047956 </subfield></datafield><datafield ind1=" " ind2=" " tag="040"><subfield code="a">NPI</subfield><subfield code="b">eng</subfield><subfield code="c">NPI</subfield><subfield code="d">OCLCQ</subfield></datafield><datafield ind1=" " ind2=" " tag="042"><subfield code="a">msc</subfield></datafield><datafield ind1="0" ind2="0" tag="245"><subfield code="a">Springs Valley herald.</subfield></datafield><datafield ind1=" " ind2=" " tag="260"><subfield code="a">French Lick, Ind. :</subfield><subfield code="b">W.C. Gruber</subfield></datafield><datafield ind1=" " ind2=" " tag="300"><subfield code="a">v. :</subfield><subfield code="b">ill. ;</subfield><subfield code="c">55-58 cm.</subfield></datafield><datafield ind1=" " ind2=" " tag="310"><subfield code="a">Weekly</subfield></datafield><datafield ind1="1" ind2=" " tag="362"><subfield code="a">Began on Oct. 7, 1903</subfield><subfield code="z">Cf. Miller, John W. Indiana newspaper bibliog.</subfield></datafield><datafield ind1=" " ind2=" " tag="500"><subfield code="a">Political affiliation has at various times been Republican, Democratic, and Independent. Cf. Miller.</subfield></datafield><datafield ind1=" " ind2=" " tag="500"><subfield code="a">Includes "French Lick Centennial" issue (Sept. 19, 1957).</subfield></datafield><datafield ind1=" " ind2=" " tag="588"><subfield code="a">Description based on: Vol. 2, no. 14 (Jan. 6, 1905).</subfield></datafield><datafield ind1=" " ind2=" " tag="752"><subfield code="a">United States</subfield><subfield code="b">Indiana</subfield><subfield code="c">Orange</subfield><subfield code="d">French Lick.</subfield></datafield></record>